<record><leader>00000cas a2200000 a 4500</leader><controlfield tag="001">25756824</controlfield><controlfield tag="008">920504d18921916iluwr ne      0   a0eng c</controlfield><datafield ind1=" " ind2=" " tag="010"><subfield code="a">sn 92053190 </subfield></datafield><datafield ind1=" " ind2=" " tag="040"><subfield code="a">NVF</subfield><subfield code="b">eng</subfield><subfield code="c">NVF</subfield><subfield code="d">CVF</subfield><subfield code="d">NVF</subfield><subfield code="d">OCLCQ</subfield><subfield code="d">OCLCF</subfield><subfield code="d">NVF</subfield><subfield code="d">OCLCO</subfield><subfield code="d">OCL</subfield></datafield><datafield ind1=" " ind2=" " tag="042"><subfield code="a">pcc</subfield></datafield><datafield ind1=" " ind2=" " tag="043"><subfield code="a">n-us-il</subfield></datafield><datafield ind1="0" ind2="4" tag="245"><subfield code="a">The La Salle County journal.</subfield></datafield><datafield ind1="3" ind2=" " tag="246"><subfield code="a">LaSalle County journal</subfield></datafield><datafield ind1=" " ind2=" " tag="260"><subfield code="a">Ottawa, Ill. ;</subfield><subfield code="a">La Salle, Ill. :</subfield><subfield code="b">Lester A. Rose &amp; Co.,</subfield><subfield code="c">1892-1916.</subfield></datafield><datafield ind1=" " ind2=" " tag="300"><subfield code="a">v.</subfield></datafield><datafield ind1=" " ind2=" " tag="310"><subfield code="a">Weekly</subfield></datafield><datafield ind1="0" ind2=" " tag="362"><subfield code="a">12th year, no. 4,222 (Oct. 5, 1892)-25th year, no. 1,957 (Nov. 8, 1916).</subfield></datafield><datafield ind1=" " ind2=" " tag="580"><subfield code="a">Daily eds.: Twin City journal, 1892-&lt;1894&gt;, and: Ottawa daily journal, 1892-1898, and: Daily journal (Ottawa, Ill.), 1898-1916.</subfield></datafield><datafield ind1=" " ind2=" " tag="580"><subfield code="a">Merged with: Ottawa free trader, to form: Weekly free trader-journal.</subfield></datafield><datafield ind1=" " ind2="0" tag="651"><subfield code="a">La Salle County (Ill.)</subfield><subfield code="v">Newspapers.</subfield></datafield><datafield ind1=" " ind2="7" tag="651"><subfield code="a">Illinois</subfield><subfield code="z">La Salle County</subfield><subfield code="2">fast</subfield><subfield code="0">(OCoLC)fst01213234</subfield></datafield><datafield ind1=" " ind2="7" tag="655"><subfield code="a">Newspapers.</subfield><subfield code="2">fast</subfield><subfield code="0">(OCoLC)fst01423814</subfield></datafield><datafield ind1=" " ind2=" " tag="752"><subfield code="a">United States</subfield><subfield code="b">Illinois</subfield><subfield code="c">La Salle</subfield><subfield code="d">Ottawa.</subfield></datafield><datafield ind1=" " ind2=" " tag="752"><subfield code="a">United States</subfield><subfield code="b">Illinois</subfield><subfield code="c">La Salle</subfield><subfield code="d">La Salle.</subfield></datafield><datafield ind1="1" ind2=" " tag="775"><subfield code="t">Twin City journal</subfield><subfield code="w">(DLC)sn 92053185</subfield><subfield code="w">(OCoLC)25756707</subfield></datafield><datafield ind1="1" ind2=" " tag="775"><subfield code="t">Ottawa daily journal</subfield><subfield code="w">(DLC)sn 87056735</subfield><subfield code="w">(OCoLC)17165887</subfield></datafield><datafield ind1="1" ind2=" " tag="775"><subfield code="t">Daily journal (Ottawa, Ill.)</subfield><subfield code="w">(DLC)sn 92053188</subfield><subfield code="w">(OCoLC)25758284</subfield></datafield><datafield ind1="0" ind2="0" tag="780"><subfield code="t">Ottawa journal (Ottawa, Ill. : Weekly)</subfield><subfield code="w">(DLC)sn 92053189</subfield><subfield code="w">(OCoLC)25756513</subfield></datafield><datafield ind1="1" ind2="7" tag="785"><subfield code="t">Ottawa free trader</subfield><subfield code="w">(DLC)sn 84038582</subfield><subfield code="w">(OCoLC)11347496</subfield></datafield><datafield ind1="1" ind2="7" tag="785"><subfield code="t">Weekly free trader-journal</subfield><subfield code="w">(DLC)sn 92053238</subfield><subfield code="w">(OCoLC)25756957</subfield></datafield><datafield ind1="1" ind2=" " tag="029"><subfield code="a">AU@</subfield><subfield code="b">000009122888</subfield></datafield></record>